11007434420444727002190506190506200000070406863MXP2NACIONAL MONTE DE PIEDA180   
220074172 190506190506VAV03100000000001392          IVA COMISION TARJETAS       
2301TERMINALES PUNTO DE VENTA             171580562                             
220074172 190506190506VAV03100000000001418          IVA COMISION TARJETAS       
2301TERMINALES PUNTO DE VENTA             173871845                             
220074172 190506190506VAV03100000000001419          IVA COMISION TARJETAS       
2301TERMINALES PUNTO DE VENTA             171740893                             
220074172 190506190506VAV03100000000001475          IVA COMISION TARJETAS       
2301TERMINALES PUNTO DE VENTA             175291216                             
220074172 190506190506VAV03100000000001557          IVA COMISION TARJETAS       
2301TERMINALES PUNTO DE VENTA             175541057                             
220074172 190506190506VAV03100000000001559          IVA COMISION TARJETAS       
2301TERMINALES PUNTO DE VENTA             172041846                             
220074172 190506190506VAV03100000000001649          IVA COMISION TARJETAS       
2301TERMINALES PUNTO DE VENTA             171005634                             
220074172 190506190506VAV03100000000001659          IVA COMISION TARJETAS       
2301TERMINALES PUNTO DE VENTA             175553946                             
220074172 190506190506VAV03100000000001671          IVA COMISION TARJETAS       
2301TERMINALES PUNTO DE VENTA             175386206                             
220074172 190506190506VAV03100000000001766          IVA COMISION TARJETAS       
2301TERMINALES PUNTO DE VENTA             175553961                             
220074172 190506190506VAV03100000000001799          IVA COMISION TARJETAS       
2301TERMINALES PUNTO DE VENTA             173222833                             
220074172 190506190506VAV03100000000001856          IVA COMISION TARJETAS       
2301TERMINALES PUNTO DE VENTA             175670211                             
220074172 190506190506VAV03100000000001883          IVA COMISION TARJETAS       
2301TERMINALES PUNTO DE VENTA             171616424                             
220074172 190506190506VAV03100000000001944          IVA COMISION TARJETAS       
2301TERMINALES PUNTO DE VENTA             170506071                             
220074172 190506190506VAV03100000000001981          IVA COMISION TARJETAS       
2301TERMINALES PUNTO DE VENTA             171740869                             
220074172 190506190506VAV03100000000002023          IVA COMISION TARJETAS       
2301TERMINALES PUNTO DE VENTA             171005664                             
220074172 190506190506VAV03100000000002032          IVA COMISION TARJETAS       
2301TERMINALES PUNTO DE VENTA             171454925                             
220074172 190506190506VAV03100000000002042          IVA COMISION TARJETAS       
2301TERMINALES PUNTO DE VENTA             174133369                             
220074172 190506190506VAV03100000000002088          IVA COMISION TARJETAS       
2301TERMINALES PUNTO DE VENTA             173222791                             
220074172 190506190506VAV03100000000002105          IVA COMISION TARJETAS       
2301TERMINALES PUNTO DE VENTA             171514496                             
220074172 190506190506VAV03100000000002226          IVA COMISION TARJETAS       
2301TERMINALES PUNTO DE VENTA             175670195                             
220074172 190506190506VAV03100000000002227          IVA COMISION TARJETAS       
2301TERMINALES PUNTO DE VENTA             177390016                             
220074172 190506190506VAV03100000000002227          IVA COMISION TARJETAS       
2301TERMINALES PUNTO DE VENTA             171581305                             
220074172 190506190506VAV03100000000002256          IVA COMISION TARJETAS       
2301TERMINALES PUNTO DE VENTA             175670211                             
220074172 190506190506VAV03100000000002539          IVA COMISION TARJETAS       
2301TERMINALES PUNTO DE VENTA             171616424                             
220074172 190506190506VAV03100000000003648          IVA COMISION TARJETAS       
2301TERMINALES PUNTO DE VENTA             175277785                             
220074172 190506190506VAV03100000000004000          IVA COMISION TARJETAS       
2301TERMINALES PUNTO DE VENTA             171473909                             
220074172 190506190506VAV03100000000004169          IVA COMISION TARJETAS       
2301TERMINALES PUNTO DE VENTA             171627108                             
220074172 190506190506VAV03100000000004318          IVA COMISION TARJETAS       
2301TERMINALES PUNTO DE VENTA             171473990                             
220074172 190506190506VAV03100000000004433          IVA COMISION TARJETAS       
2301TERMINALES PUNTO DE VENTA             171616408                             
220074172 190506190506VAV03100000000004542          IVA COMISION TARJETAS       
2301TERMINALES PUNTO DE VENTA             175277785                             
220074172 190506190506VAV03100000000004935          IVA COMISION TARJETAS       
2301TERMINALES PUNTO DE VENTA             171627132                             
220074172 190506190506VAV03100000000005087          IVA COMISION TARJETAS       
2301TERMINALES PUNTO DE VENTA             175424320                             
220074172 190506190506VAV03100000000005470          IVA COMISION TARJETAS       
2301TERMINALES PUNTO DE VENTA             171031714                             
220074172 190506190506VAV03100000000005476          IVA COMISION TARJETAS       
2301TERMINALES PUNTO DE VENTA             171587245                             
220074172 190506190506VAV03100000000005507          IVA COMISION TARJETAS       
2301TERMINALES PUNTO DE VENTA             170506055                             
220074172 190506190506VAV03100000000005608          IVA COMISION TARJETAS       
2301TERMINALES PUNTO DE VENTA             173871597                             
220074172 190506190506VAV03100000000005634          IVA COMISION TARJETAS       
2301TERMINALES PUNTO DE VENTA             171558204                             
220074172 190506190506VAV03100000000005762          IVA COMISION TARJETAS       
2301TERMINALES PUNTO DE VENTA             170506022                             
220074172 190506190506VAV03100000000005956          IVA COMISION TARJETAS       
2301TERMINALES PUNTO DE VENTA             170506170                             
220074172 190506190506VAV03100000000006082          IVA COMISION TARJETAS       
2301TERMINALES PUNTO DE VENTA             175540984                             
220074172 190506190506VAV03100000000006123          IVA COMISION TARJETAS       
2301TERMINALES PUNTO DE VENTA             175570726                             
220074172 190506190506VAV03100000000006226          IVA COMISION TARJETAS       
2301TERMINALES PUNTO DE VENTA             171740901                             
220074172 190506190506VAV03100000000006227          IVA COMISION TARJETAS       
2301TERMINALES PUNTO DE VENTA             175631007                             
220074172 190506190506VAV03100000000006406          IVA COMISION TARJETAS       
2301TERMINALES PUNTO DE VENTA             171014715                             
220074172 190506190506VAV03100000000006486          IVA COMISION TARJETAS       
2301TERMINALES PUNTO DE VENTA             175301577                             
220074172 190506190506VAV03100000000006575          IVA COMISION TARJETAS       
2301TERMINALES PUNTO DE VENTA             175561352                             
220074172 190506190506VAV03100000000006736          IVA COMISION TARJETAS       
2301TERMINALES PUNTO DE VENTA             175617477                             
220074172 190506190506VAV03100000000006750          IVA COMISION TARJETAS       
2301TERMINALES PUNTO DE VENTA             170506139                             
220074172 190506190506VAV03100000000006981          IVA COMISION TARJETAS       
2301TERMINALES PUNTO DE VENTA             171510775                             
220074172 190506190506VAV03100000000006991          IVA COMISION TARJETAS       
2301TERMINALES PUNTO DE VENTA             170506287                             
220074172 190506190506VAV03100000000007007          IVA COMISION TARJETAS       
2301TERMINALES PUNTO DE VENTA             171740828                             
220074172 190506190506VAV03100000000007340          IVA COMISION TARJETAS       
2301TERMINALES PUNTO DE VENTA             175553920                             
220074172 190506190506VAV03100000000007674          IVA COMISION TARJETAS       
2301TERMINALES PUNTO DE VENTA             172043313                             
220074172 190506190506VAV03100000000007809          IVA COMISION TARJETAS       
2301TERMINALES PUNTO DE VENTA             175570734                             
220074172 190506190506VAV03100000000008119          IVA COMISION TARJETAS       
2301TERMINALES PUNTO DE VENTA             173561511                             
220074172 190506190506VAV03100000000008320          IVA COMISION TARJETAS       
2301TERMINALES PUNTO DE VENTA             172022945                             
220074172 190506190506VAV03100000000008433          IVA COMISION TARJETAS       
2301TERMINALES PUNTO DE VENTA             171616424                             
220074172 190506190506OMV02100000000008700          COMISION TARJETAS           
2301TERMINALES PUNTO DE VENTA             171580562                             
220074172 190506190506VAV03100000000008783          IVA COMISION TARJETAS       
2301TERMINALES PUNTO DE VENTA             175290242                             
220074172 190506190506VAV03100000000008784          IVA COMISION TARJETAS       
2301TERMINALES PUNTO DE VENTA             170506014                             
220074172 190506190506OMV02100000000008862          COMISION TARJETAS           
2301TERMINALES PUNTO DE VENTA             173871845                             
220074172 190506190506OMV02100000000008868          COMISION TARJETAS           
2301TERMINALES PUNTO DE VENTA             171740893                             
220074172 190506190506VAV03100000000008879          IVA COMISION TARJETAS       
2301TERMINALES PUNTO DE VENTA             175540992                             
220074172 190506190506VAV03100000000008985          IVA COMISION TARJETAS       
2301TERMINALES PUNTO DE VENTA             170506014                             
220074172 190506190506OMV02100000000009219          COMISION TARJETAS           
2301TERMINALES PUNTO DE VENTA             175291216                             
220074172 190506190506VAV03100000000009290          IVA COMISION TARJETAS       
2301TERMINALES PUNTO DE VENTA             171514512                             
220074172 190506190506VAV03100000000009438          IVA COMISION TARJETAS       
2301TERMINALES PUNTO DE VENTA             170506170                             
220074172 190506190506VAV03100000000009666          IVA COMISION TARJETAS       
2301TERMINALES PUNTO DE VENTA             175541032                             
220074172 190506190506VAV03100000000009689          IVA COMISION TARJETAS       
2301TERMINALES PUNTO DE VENTA             171455005                             
220074172 190506190506VAV03100000000009691          IVA COMISION TARJETAS       
2301TERMINALES PUNTO DE VENTA             172030120                             
220074172 190506190506VAV03100000000009722          IVA COMISION TARJETAS       
2301TERMINALES PUNTO DE VENTA             172022994                             
220074172 190506190506OMV02100000000009729          COMISION TARJETAS           
2301TERMINALES PUNTO DE VENTA             175541057                             
220074172 190506190506OMV02100000000009744          COMISION TARJETAS           
2301TERMINALES PUNTO DE VENTA             172041846                             
220074172 190506190506VAV03100000000009758          IVA COMISION TARJETAS       
2301TERMINALES PUNTO DE VENTA             172022937                             
220074172 190506190506VAV03100000000009828          IVA COMISION TARJETAS       
2301TERMINALES PUNTO DE VENTA             170506089                             
220074172 190506190506VAV03100000000009935          IVA COMISION TARJETAS       
2301TERMINALES PUNTO DE VENTA             173401015                             
220074172 190506190506VAV03100000000010051          IVA COMISION TARJETAS       
2301TERMINALES PUNTO DE VENTA             171740869                             
220074172 190506190506VAV03100000000010290          IVA COMISION TARJETAS       
2301TERMINALES PUNTO DE VENTA             175205406                             
220074172 190506190506VAV03100000000010300          IVA COMISION TARJETAS       
2301TERMINALES PUNTO DE VENTA             170506105                             
220074172 190506190506OMV02100000000010306          COMISION TARJETAS           
2301TERMINALES PUNTO DE VENTA             171005634                             
220074172 190506190506OMV02100000000010367          COMISION TARJETAS           
2301TERMINALES PUNTO DE VENTA             175553946                             
220074172 190506190506OMV02100000000010445          COMISION TARJETAS           
2301TERMINALES PUNTO DE VENTA             175386206                             
220074172 190506190506VAV03100000000010886          IVA COMISION TARJETAS       
2301TERMINALES PUNTO DE VENTA             175200969                             
220074172 190506190506OMV02100000000011040          COMISION TARJETAS           
2301TERMINALES PUNTO DE VENTA             175553961                             
220074172 190506190506VAV03100000000011176          IVA COMISION TARJETAS       
2301TERMINALES PUNTO DE VENTA             175277777                             
220074172 190506190506VAV03100000000011192          IVA COMISION TARJETAS       
2301TERMINALES PUNTO DE VENTA             175205406                             
220074172 190506190506OMV02100000000011243          COMISION TARJETAS           
2301TERMINALES PUNTO DE VENTA             173222833                             
220074172 190506190506VAV03100000000011397          IVA COMISION TARJETAS       
2301TERMINALES PUNTO DE VENTA             170506295                             
220074172 190506190506VAV03100000000011559          IVA COMISION TARJETAS       
2301TERMINALES PUNTO DE VENTA             170506238                             
220074172 190506190506OMV02100000000011600          COMISION TARJETAS           
2301TERMINALES PUNTO DE VENTA             175670211                             
220074172 190506190506OMV02100000000011771          COMISION TARJETAS           
2301TERMINALES PUNTO DE VENTA             171616424                             
220074172 190506190506VAV03100000000011987          IVA COMISION TARJETAS       
2301TERMINALES PUNTO DE VENTA             172030062                             
220074172 190506190506VAV03100000000012096          IVA COMISION TARJETAS       
2301TERMINALES PUNTO DE VENTA             171741651                             
220074172 190506190506OMV02100000000012153          COMISION TARJETAS           
2301TERMINALES PUNTO DE VENTA             170506071                             
220074172 190506190506VAV03100000000012298          IVA COMISION TARJETAS       
2301TERMINALES PUNTO DE VENTA             171034812                             
220074172 190506190506OMV02100000000012383          COMISION TARJETAS           
2301TERMINALES PUNTO DE VENTA             171740869                             
220074172 190506190506OMV02100000000012644          COMISION TARJETAS           
2301TERMINALES PUNTO DE VENTA             171005664                             
220074172 190506190506OMV02100000000012699          COMISION TARJETAS           
2301TERMINALES PUNTO DE VENTA             171454925                             
220074172 190506190506OMV02100000000012760          COMISION TARJETAS           
2301TERMINALES PUNTO DE VENTA             174133369                             
220074172 190506190506VAV03100000000012772          IVA COMISION TARJETAS       
2301TERMINALES PUNTO DE VENTA             175205406                             
220074172 190506190506VAV03100000000012886          IVA COMISION TARJETAS       
2301TERMINALES PUNTO DE VENTA             175553938                             
220074172 190506190506OMV02100000000013050          COMISION TARJETAS           
2301TERMINALES PUNTO DE VENTA             173222791                             
220074172 190506190506OMV02100000000013157          COMISION TARJETAS           
2301TERMINALES PUNTO DE VENTA             171514496                             
220074172 190506190506VAV03100000000013229          IVA COMISION TARJETAS       
2301TERMINALES PUNTO DE VENTA             174475141                             
220074172 190506190506VAV03100000000013314          IVA COMISION TARJETAS       
2301TERMINALES PUNTO DE VENTA             171740083                             
220074172 190506190506VAV03100000000013423          IVA COMISION TARJETAS       
2301TERMINALES PUNTO DE VENTA             175670195                             
220074172 190506190506OMV02100000000013914          COMISION TARJETAS           
2301TERMINALES PUNTO DE VENTA             175670195                             
220074172 190506190506OMV02100000000013920          COMISION TARJETAS           
2301TERMINALES PUNTO DE VENTA             177390016                             
220074172 190506190506OMV02100000000013920          COMISION TARJETAS           
2301TERMINALES PUNTO DE VENTA             171581305                             
220074172 190506190506OMV02100000000014102          COMISION TARJETAS           
2301TERMINALES PUNTO DE VENTA             175670211                             
220074172 190506190506VAV03100000000014242          IVA COMISION TARJETAS       
2301TERMINALES PUNTO DE VENTA             170506022                             
220074172 190506190506VAV03100000000014308          IVA COMISION TARJETAS       
2301TERMINALES PUNTO DE VENTA             170506188                             
220074172 190506190506VAV03100000000015350          IVA COMISION TARJETAS       
2301TERMINALES PUNTO DE VENTA             175200969                             
220074172 190506190506VAV03100000000015535          IVA COMISION TARJETAS       
2301TERMINALES PUNTO DE VENTA             170506238                             
220074172 190506190506VAV03100000000015821          IVA COMISION TARJETAS       
2301TERMINALES PUNTO DE VENTA             175291240                             
220074172 190506190506OMV02100000000015868          COMISION TARJETAS           
2301TERMINALES PUNTO DE VENTA             171616424                             
220074172 190506190506VAV03100000000017090          IVA COMISION TARJETAS       
2301TERMINALES PUNTO DE VENTA             170506097                             
220074172 190506190506VAV03100000000017472          IVA COMISION TARJETAS       
2301TERMINALES PUNTO DE VENTA             175631817                             
220074172 190506190506VAV03100000000017601          IVA COMISION TARJETAS       
2301TERMINALES PUNTO DE VENTA             175204698                             
220074172 190506190506VAV03100000000018014          IVA COMISION TARJETAS       
2301TERMINALES PUNTO DE VENTA             170506113                             
220074172 190506190506VAV03100000000018958          IVA COMISION TARJETAS       
2301TERMINALES PUNTO DE VENTA             171029535                             
220074172 190506190506VAV03100000000019375          IVA COMISION TARJETAS       
2301TERMINALES PUNTO DE VENTA             170506097                             
220074172 190506190506VAV03100000000019964          IVA COMISION TARJETAS       
2301TERMINALES PUNTO DE VENTA             173222890                             
220074172 190506190506VAV03100000000020251          IVA COMISION TARJETAS       
2301TERMINALES PUNTO DE VENTA             171071816                             
220074172 190506190506VAV03100000000020717          IVA COMISION TARJETAS       
2301TERMINALES PUNTO DE VENTA             171052755                             
220074172 190506190506VAV03100000000022646          IVA COMISION TARJETAS       
2301TERMINALES PUNTO DE VENTA             170506113                             
220074172 190506190506OMV02100000000022799          COMISION TARJETAS           
2301TERMINALES PUNTO DE VENTA             175277785                             
220074172 190506190506OMV02100000000025000          COMISION TARJETAS           
2301TERMINALES PUNTO DE VENTA             171473909                             
220074172 190506190506VAV03100000000025175          IVA COMISION TARJETAS       
2301TERMINALES PUNTO DE VENTA             175570726                             
220074172 190506190506VAV03100000000025882          IVA COMISION TARJETAS       
2301TERMINALES PUNTO DE VENTA             175291299                             
220074172 190506190506OMV02100000000026055          COMISION TARJETAS           
2301TERMINALES PUNTO DE VENTA             171627108                             
220074172 190506190506VAV03100000000026624          IVA COMISION TARJETAS       
2301TERMINALES PUNTO DE VENTA             171020764                             
220074172 190506190506OMV02100000000026985          COMISION TARJETAS           
2301TERMINALES PUNTO DE VENTA             171473990                             
220074172 190506190506OMV02100000000027705          COMISION TARJETAS           
2301TERMINALES PUNTO DE VENTA             171616408                             
220074172 190506190506OMV02100000000028385          COMISION TARJETAS           
2301TERMINALES PUNTO DE VENTA             175277785                             
220074172 190506190506VAV03100000000029048          IVA COMISION TARJETAS       
2301TERMINALES PUNTO DE VENTA             175631817                             
220074172 190506190506OMV02100000000030845          COMISION TARJETAS           
2301TERMINALES PUNTO DE VENTA             171627132                             
220074172 190506190506OMV02100000000031795          COMISION TARJETAS           
2301TERMINALES PUNTO DE VENTA             175424320                             
220074172 190506190506VAV03100000000032096          IVA COMISION TARJETAS       
2301TERMINALES PUNTO DE VENTA             172022945                             
220074172 190506190506OMV02100000000034190          COMISION TARJETAS           
2301TERMINALES PUNTO DE VENTA             171031714                             
220074172 190506190506OMV02100000000034225          COMISION TARJETAS           
2301TERMINALES PUNTO DE VENTA             171587245                             
220074172 190506190506OMV02100000000034420          COMISION TARJETAS           
2301TERMINALES PUNTO DE VENTA             170506055                             
220074172 190506190506OMV02100000000035050          COMISION TARJETAS           
2301TERMINALES PUNTO DE VENTA             173871597                             
220074172 190506190506OMV02100000000035215          COMISION TARJETAS           
2301TERMINALES PUNTO DE VENTA             171558204                             
220074172 190506190506OMV02100000000036015          COMISION TARJETAS           
2301TERMINALES PUNTO DE VENTA             170506022                             
220074172 190506190506OMV02100000000037224          COMISION TARJETAS           
2301TERMINALES PUNTO DE VENTA             170506170                             
220074172 190506190506OMV02100000000038015          COMISION TARJETAS           
2301TERMINALES PUNTO DE VENTA             175540984                             
220074172 190506190506OMV02100000000038270          COMISION TARJETAS           
2301TERMINALES PUNTO DE VENTA             175570726                             
220074172 190506190506OMV02100000000038910          COMISION TARJETAS           
2301TERMINALES PUNTO DE VENTA             171740901                             
220074172 190506190506OMV02100000000038920          COMISION TARJETAS           
2301TERMINALES PUNTO DE VENTA             175631007                             
220074172 190506190506VAV03100000000039111          IVA COMISION TARJETAS       
2301TERMINALES PUNTO DE VENTA             174133377                             
220074172 190506190506OMV02100000000040040          COMISION TARJETAS           
2301TERMINALES PUNTO DE VENTA             171014715                             
220074172 190506190506OMV02100000000040540          COMISION TARJETAS           
2301TERMINALES PUNTO DE VENTA             175301577                             
220074172 190506190506VAV03100000000041056          IVA COMISION TARJETAS       
2301TERMINALES PUNTO DE VENTA             170506113                             
220074172 190506190506OMV02100000000041095          COMISION TARJETAS           
2301TERMINALES PUNTO DE VENTA             175561352                             
220074172 190506190506OMV02100000000042100          COMISION TARJETAS           
2301TERMINALES PUNTO DE VENTA             175617477                             
220074172 190506190506OMV02100000000042187          COMISION TARJETAS           
2301TERMINALES PUNTO DE VENTA             170506139                             
220074172 190506190506OMV02100000000043630          COMISION TARJETAS           
2301TERMINALES PUNTO DE VENTA             171510775                             
220074172 190506190506OMV02100000000043694          COMISION TARJETAS           
2301TERMINALES PUNTO DE VENTA             170506287                             
220074172 190506190506OMV02100000000043793          COMISION TARJETAS           
2301TERMINALES PUNTO DE VENTA             171740828                             
220074172 190506190506VAV03100000000044227          IVA COMISION TARJETAS       
2301TERMINALES PUNTO DE VENTA             175630991                             
220074172 190506190506OMV02100000000045875          COMISION TARJETAS           
2301TERMINALES PUNTO DE VENTA             175553920                             
220074172 190506190506OMV02100000000047965          COMISION TARJETAS           
2301TERMINALES PUNTO DE VENTA             172043313                             
220074172 190506190506OMV02100000000048805          COMISION TARJETAS           
2301TERMINALES PUNTO DE VENTA             175570734                             
220074172 190506190506OMV02100000000050745          COMISION TARJETAS           
2301TERMINALES PUNTO DE VENTA             173561511                             
220074172 190506190506OMV02100000000052000          COMISION TARJETAS           
2301TERMINALES PUNTO DE VENTA             172022945                             
220074172 190506190506OMV02100000000052707          COMISION TARJETAS           
2301TERMINALES PUNTO DE VENTA             171616424                             
220074172 190506190506OMV02100000000054891          COMISION TARJETAS           
2301TERMINALES PUNTO DE VENTA             175290242                             
220074172 190506190506OMV02100000000054902          COMISION TARJETAS           
2301TERMINALES PUNTO DE VENTA             170506014                             
220074172 190506190506OMV02100000000055494          COMISION TARJETAS           
2301TERMINALES PUNTO DE VENTA             175540992                             
220074172 190506190506OMV02100000000056154          COMISION TARJETAS           
2301TERMINALES PUNTO DE VENTA             170506014                             
220074172 190506190506OMV02100000000058063          COMISION TARJETAS           
2301TERMINALES PUNTO DE VENTA             171514512                             
220074172 190506190506OMV02100000000058988          COMISION TARJETAS           
2301TERMINALES PUNTO DE VENTA             170506170                             
220074172 190506190506OMV02100000000060413          COMISION TARJETAS           
2301TERMINALES PUNTO DE VENTA             175541032                             
220074172 190506190506OMV02100000000060559          COMISION TARJETAS           
2301TERMINALES PUNTO DE VENTA             171455005                             
220074172 190506190506OMV02100000000060569          COMISION TARJETAS           
2301TERMINALES PUNTO DE VENTA             172030120                             
220074172 190506190506OMV02100000000060762          COMISION TARJETAS           
2301TERMINALES PUNTO DE VENTA             172022994                             
220074172 190506190506OMV02100000000060990          COMISION TARJETAS           
2301TERMINALES PUNTO DE VENTA             172022937                             
220074172 190506190506OMV02100000000061422          COMISION TARJETAS           
2301TERMINALES PUNTO DE VENTA             170506089                             
220074172 190506190506OMV02100000000062093          COMISION TARJETAS           
2301TERMINALES PUNTO DE VENTA             173401015                             
220074172 190506190506OMV02100000000062821          COMISION TARJETAS           
2301TERMINALES PUNTO DE VENTA             171740869                             
220074172 190506190506OMV02100000000064313          COMISION TARJETAS           
2301TERMINALES PUNTO DE VENTA             175205406                             
220074172 190506190506OMV02100000000064375          COMISION TARJETAS           
2301TERMINALES PUNTO DE VENTA             170506105                             
220074172 190506190506OMV02100000000068040          COMISION TARJETAS           
2301TERMINALES PUNTO DE VENTA             175200969                             
220074172 190506190506OMV02100000000069851          COMISION TARJETAS           
2301TERMINALES PUNTO DE VENTA             175277777                             
220074172 190506190506OMV02100000000069950          COMISION TARJETAS           
2301TERMINALES PUNTO DE VENTA             175205406                             
220074172 190506190506OMV02100000000071229          COMISION TARJETAS           
2301TERMINALES PUNTO DE VENTA             170506295                             
220074172 190506190506OMV02100000000072241          COMISION TARJETAS           
2301TERMINALES PUNTO DE VENTA             170506238                             
220074172 190506190506OMV02100000000074921          COMISION TARJETAS           
2301TERMINALES PUNTO DE VENTA             172030062                             
220074172 190506190506OMV02100000000075602          COMISION TARJETAS           
2301TERMINALES PUNTO DE VENTA             171741651                             
220074172 190506190506OMV02100000000076865          COMISION TARJETAS           
2301TERMINALES PUNTO DE VENTA             171034812                             
220074172 190506190506OMV02100000000079822          COMISION TARJETAS           
2301TERMINALES PUNTO DE VENTA             175205406                             
220074172 190506190506OMV02100000000080537          COMISION TARJETAS           
2301TERMINALES PUNTO DE VENTA             175553938                             
220074172 190506190506OMV02100000000082680          COMISION TARJETAS           
2301TERMINALES PUNTO DE VENTA             174475141                             
220074172 190506190506OMV02100000000083215          COMISION TARJETAS           
2301TERMINALES PUNTO DE VENTA             171740083                             
220074172 190506190506OMV02100000000083891          COMISION TARJETAS           
2301TERMINALES PUNTO DE VENTA             175670195                             
220074172 190506190506OMV02100000000089013          COMISION TARJETAS           
2301TERMINALES PUNTO DE VENTA             170506022                             
220074172 190506190506OMV02100000000089424          COMISION TARJETAS           
2301TERMINALES PUNTO DE VENTA             170506188                             
220074172 190506190506VAV03100000000090386          IVA COMISION TARJETAS       
2301TERMINALES PUNTO DE VENTA             170506238                             
220074172 190506190506OMV02100000000095940          COMISION TARJETAS           
2301TERMINALES PUNTO DE VENTA             175200969                             
220074172 190506190506OMV02100000000097092          COMISION TARJETAS           
2301TERMINALES PUNTO DE VENTA             170506238                             
220074172 190506190506OMV02100000000098883          COMISION TARJETAS           
2301TERMINALES PUNTO DE VENTA             175291240                             
220074172 190506190506OMV02100000000106815          COMISION TARJETAS           
2301TERMINALES PUNTO DE VENTA             170506097                             
220074172 190506190506OMV02100000000109200          COMISION TARJETAS           
2301TERMINALES PUNTO DE VENTA             175631817                             
220074172 190506190506OMV02100000000110006          COMISION TARJETAS           
2301TERMINALES PUNTO DE VENTA             175204698                             
220074172 190506190506OMV02100000000112590          COMISION TARJETAS           
2301TERMINALES PUNTO DE VENTA             170506113                             
220074172 190506190506OMV02100000000118487          COMISION TARJETAS           
2301TERMINALES PUNTO DE VENTA             171029535                             
220074172 190506190506OMV02100000000121092          COMISION TARJETAS           
2301TERMINALES PUNTO DE VENTA             170506097                             
220074172 190506190506OMV02100000000124775          COMISION TARJETAS           
2301TERMINALES PUNTO DE VENTA             173222890                             
220074172 190506190506OMV02100000000126567          COMISION TARJETAS           
2301TERMINALES PUNTO DE VENTA             171071816                             
220074172 190506190506OMV02100000000129480          COMISION TARJETAS           
2301TERMINALES PUNTO DE VENTA             171052755                             
220074172 190506190506OMV02100000000141538          COMISION TARJETAS           
2301TERMINALES PUNTO DE VENTA             170506113                             
220074172 190506190506OMV02100000000157346          COMISION TARJETAS           
2301TERMINALES PUNTO DE VENTA             175570726                             
220074172 190506190506OMV02100000000161761          COMISION TARJETAS           
2301TERMINALES PUNTO DE VENTA             175291299                             
220074172 190506190506OMV02100000000166400          COMISION TARJETAS           
2301TERMINALES PUNTO DE VENTA             171020764                             
220074172 190506190506OMV02100000000181552          COMISION TARJETAS           
2301TERMINALES PUNTO DE VENTA             175631817                             
220074172 190506190506OMV02100000000200600          COMISION TARJETAS           
2301TERMINALES PUNTO DE VENTA             172022945                             
220074172 190506190506OMV02100000000244441          COMISION TARJETAS           
2301TERMINALES PUNTO DE VENTA             174133377                             
220074172 190506190506OMV02100000000256602          COMISION TARJETAS           
2301TERMINALES PUNTO DE VENTA             170506113                             
220074172 190506190506OMV02100000000276416          COMISION TARJETAS           
2301TERMINALES PUNTO DE VENTA             175630991                             
220074172 190506190506OMV02100000000564913          COMISION TARJETAS           
2301TERMINALES PUNTO DE VENTA             170506238                             
32MEX 2+0000061852738                     +0000070406863                     
3300743442044472700200222000000085541250000000000000000000200000061852738MXP
